<record><leader>00000cas a22000007a 4500</leader><controlfield tag="001">34328132</controlfield><controlfield tag="008">960307c19789999ohuwr n       0    0eng d</controlfield><datafield ind1=" " ind2=" " tag="010"><subfield code="a">sn 96087001 </subfield></datafield><datafield ind1=" " ind2=" " tag="040"><subfield code="a">ONP</subfield><subfield code="b">eng</subfield><subfield code="c">ONP</subfield><subfield code="d">OCLCQ</subfield></datafield><datafield ind1=" " ind2=" " tag="042"><subfield code="a">msc</subfield></datafield><datafield ind1="0" ind2=" " tag="130"><subfield code="a">Courier (Canfield, Ohio : 1978)</subfield></datafield><datafield ind1="1" ind2="0" tag="245"><subfield code="a">Courier.</subfield></datafield><datafield ind1=" " ind2=" " tag="260"><subfield code="a">Canfield, Ohio :</subfield><subfield code="b">Buckeye Pub. Co.,</subfield><subfield code="c">1978-</subfield></datafield><datafield ind1=" " ind2=" " tag="300"><subfield code="a">v.</subfield></datafield><datafield ind1=" " ind2=" " tag="310"><subfield code="a">Weekly</subfield></datafield><datafield ind1="0" ind2=" " tag="362"><subfield code="a">Vol. 11, no. 21 (Oct. 3, 1978)-</subfield></datafield><datafield ind1=" " ind2=" " tag="500"><subfield code="a">"Covering Canfield, Cornersburg, and Berlin Center."</subfield></datafield><datafield ind1=" " ind2="4" tag="651"><subfield code="a">Canfield (Ohio)</subfield><subfield code="v">Newspapers.</subfield></datafield><datafield ind1=" " ind2="4" tag="651"><subfield code="a">Cornersburg (Ohio)</subfield><subfield code="v">Newspapers.</subfield></datafield><datafield ind1=" " ind2="4" tag="651"><subfield code="a">Berlin Center (Ohio)</subfield><subfield code="v">Newspapers.</subfield></datafield><datafield ind1=" " ind2="4" tag="651"><subfield code="a">Mahoning County (Ohio)</subfield><subfield code="v">Newspapers.</subfield></datafield><datafield ind1=" " ind2=" " tag="752"><subfield code="a">United States</subfield><subfield code="b">Ohio</subfield><subfield code="c">Mahoning</subfield><subfield code="d">Canfield.</subfield></datafield><datafield ind1="0" ind2="0" tag="780"><subfield code="t">Canfield courier and the Cornersburg reporter (Canfield, Ohio)</subfield><subfield code="w">(DLC)sn 96087000</subfield></datafield><datafield ind1="1" ind2=" " tag="029"><subfield code="a">AU@</subfield><subfield code="b">000025919591</subfield></datafield></record>